<record><leader>00000cas a22000007a 4500</leader><controlfield tag="001">13615170</controlfield><controlfield tag="008">860521d18021804vauwr ne      0    0eng  </controlfield><datafield ind1=" " ind2=" " tag="010"><subfield code="a">sn 86071532 </subfield></datafield><datafield ind1=" " ind2=" " tag="040"><subfield code="a">DLC</subfield><subfield code="b">eng</subfield><subfield code="c">DLC</subfield><subfield code="d">MGN</subfield><subfield code="d">OCLCQ</subfield></datafield><datafield ind1=" " ind2=" " tag="042"><subfield code="a">msc</subfield></datafield><datafield ind1="0" ind2="0" tag="050"><subfield code="a">Newspaper 10028-X</subfield></datafield><datafield ind1="0" ind2="0" tag="245"><subfield code="a">American literary advertiser.</subfield></datafield><datafield ind1=" " ind2=" " tag="260"><subfield code="a">City of Washington [i.e. Washington, D.C.] :</subfield><subfield code="b">James Lyon and Richard Dinmore</subfield></datafield><datafield ind1=" " ind2=" " tag="300"><subfield code="a">v. ;</subfield><subfield code="c">53 cm.</subfield></datafield><datafield ind1=" " ind2=" " tag="310"><subfield code="a">Weekly</subfield></datafield><datafield ind1="1" ind2=" " tag="362"><subfield code="a">Began Mar. 27, 1802; ceased in 1804?</subfield></datafield><datafield ind1=" " ind2=" " tag="500"><subfield code="a">Published in Washington, D.C., Mar. 27-&lt;Nov. 18&gt;, 1802; in Alexandria, Va., &lt;Dec. 16, 1802&gt;-1804.</subfield></datafield><datafield ind1=" " ind2=" " tag="588"><subfield code="a">Description based on: No. 28 (Sept. 24, 1802).</subfield></datafield><datafield ind1=" " ind2=" " tag="752"><subfield code="a">United States</subfield><subfield code="b">Virginia</subfield><subfield code="d">Alexandria.</subfield></datafield><datafield ind1=" " ind2=" " tag="752"><subfield code="a">United States</subfield><subfield code="b">District of Columbia</subfield><subfield code="d">Washington.</subfield></datafield><datafield ind1="1" ind2=" " tag="029"><subfield code="a">AU@</subfield><subfield code="b">000025786866</subfield></datafield></record>